<record><leader>00000cas a2200000 a 4500</leader><controlfield tag="001">11135582</controlfield><controlfield tag="008">840910d19791979deuuu ne      0    0eng c</controlfield><datafield ind1=" " ind2=" " tag="010"><subfield code="a">sn 87054001 </subfield></datafield><datafield ind1=" " ind2=" " tag="040"><subfield code="a">DLM</subfield><subfield code="b">eng</subfield><subfield code="c">DLM</subfield><subfield code="d">DEX</subfield><subfield code="d">OCL</subfield><subfield code="d">NYS</subfield><subfield code="d">OCLCQ</subfield><subfield code="d">OCLCF</subfield><subfield code="d">OCLCO</subfield></datafield><datafield ind1="1" ind2=" " tag="029"><subfield code="a">AU@</subfield><subfield code="b">000025825157</subfield></datafield><datafield ind1=" " ind2=" " tag="042"><subfield code="a">pcc</subfield></datafield><datafield ind1=" " ind2=" " tag="043"><subfield code="a">n-us-de</subfield></datafield><datafield ind1="0" ind2=" " tag="130"><subfield code="a">Delaware free press (Newark, Del.)</subfield></datafield><datafield ind1="1" ind2="0" tag="245"><subfield code="a">Delaware free press.</subfield></datafield><datafield ind1=" " ind2=" " tag="260"><subfield code="a">Newark, Del. :</subfield><subfield code="b">Delaware Free Press,</subfield><subfield code="c">1979.</subfield></datafield><datafield ind1=" " ind2=" " tag="300"><subfield code="a">1 v. :</subfield><subfield code="b">ill. ;</subfield><subfield code="c">36 cm.</subfield></datafield><datafield ind1="0" ind2=" " tag="362"><subfield code="a">Vol. 1, no. 1 (0ct. 1979).</subfield></datafield><datafield ind1=" " ind2=" " tag="530"><subfield code="a">Available on microfilm from UMI (Underground newspaper/press collection).</subfield></datafield><datafield ind1=" " ind2="0" tag="650"><subfield code="a">Underground press publications</subfield><subfield code="z">Delaware.</subfield></datafield><datafield ind1=" " ind2="0" tag="651"><subfield code="a">Newark (Del.)</subfield><subfield code="v">Newspapers.</subfield></datafield><datafield ind1=" " ind2="0" tag="651"><subfield code="a">New Castle (Del.)</subfield><subfield code="v">Newspapers.</subfield></datafield><datafield ind1=" " ind2="7" tag="655"><subfield code="a">Newspapers.</subfield><subfield code="2">fast</subfield><subfield code="0">(OCoLC)fst01423814</subfield></datafield><datafield ind1=" " ind2="7" tag="650"><subfield code="a">Underground press publications.</subfield><subfield code="2">fast</subfield><subfield code="0">(OCoLC)fst01160984</subfield></datafield><datafield ind1=" " ind2="7" tag="651"><subfield code="a">Delaware.</subfield><subfield code="2">fast</subfield><subfield code="0">(OCoLC)fst01204929</subfield></datafield><datafield ind1=" " ind2="7" tag="651"><subfield code="a">Delaware</subfield><subfield code="z">New Castle.</subfield><subfield code="2">fast</subfield><subfield code="0">(OCoLC)fst01226664</subfield></datafield><datafield ind1=" " ind2="7" tag="651"><subfield code="a">Delaware</subfield><subfield code="z">Newark.</subfield><subfield code="2">fast</subfield><subfield code="0">(OCoLC)fst01205133</subfield></datafield><datafield ind1=" " ind2=" " tag="752"><subfield code="a">United States</subfield><subfield code="b">Delaware</subfield><subfield code="c">New Castle</subfield><subfield code="d">Newark.</subfield></datafield><datafield ind1="0" ind2=" " tag="776"><subfield code="c">Microfilm</subfield><subfield code="d">UMI</subfield><subfield code="k">Underground newspaper collection</subfield><subfield code="k">Underground press collection</subfield><subfield code="w">(OCoLC)7942427</subfield></datafield><datafield ind1="0" ind2="0" tag="785"><subfield code="t">Delaware alternative press</subfield><subfield code="w">(DLC)sn 87054002</subfield><subfield code="w">(OCoLC)8922270</subfield></datafield></record>